<?xml version="1.0" encoding="UTF-8"?><collection xmlns="http://www.loc.gov/MARC21/slim"><record><leader>00386nam--2200145-i-4500</leader><controlfield tag="001">000024473</controlfield><controlfield tag="002">20161230</controlfield><controlfield tag="005">20161230201035</controlfield><controlfield tag="008">060222s1000------------r-----000-0-eng-d</controlfield><datafield ind1=" " ind2=" " tag="080"><subfield code="a">539.213</subfield></datafield><datafield ind1=" " ind2=" " tag="100"><subfield code="a">Holloway, D.G</subfield></datafield><datafield ind1=" " ind2=" " tag="245"><subfield code="a">The physical properties of glass</subfield></datafield><datafield ind1=" " ind2=" " tag="260"><subfield code="a">London, Wykeham Publicaations Ltd., 1973, Xii + 220p</subfield></datafield><datafield ind1=" " ind2=" " tag="490"><subfield code="a">The Wykeham Science Series</subfield></datafield><datafield ind1=" " ind2=" " tag="852"><subfield code="a">77567</subfield></datafield></record></collection>